@article{Khlebnikov2011,
Doi = {10.1134/S0005117911040035},
Author = {Хлебников~М.~В.},
Title = {Подавление ограниченных внешних возмущений: линейный динамический регулятор по выходу},

Journal = {Автоматика и телемеханика},
Issue = {4},
Pages = {27--42},
Volume = {72},
Year = {2011},
}

@book{Kalman2004,
Author = {Калман~Р. and Фалб~П. and Арбиб~М.},
Title = {Очерки по математической теории систем},

Address = {М.},
Publisher = {Едиториал УРСС},
Year = {2004},
Pagetotal = {400},
}

@book{Andreev1976,
Author = {Андреев~Ю.~Н.},
Title = {Управление конечномерными линейными объектами},

Address = {М.},
Publisher = {Наука},
Year = {1976},
Pagetotal = {424},
}

@book{Polyak2019,
Author = {Поляк~Б.~Т. and Хлебников~М.~В. and Рапопорт~Л.~Б.},
Title = {Математическая теория автоматического управление: учебное пособие},

Address = {М.},
Publisher = {ЛЕНАНД},
Year = {2019},
Pagetotal = {500},
}

@book{Smirnov2022,
Author = {Смирнов~Н.~В. and Смирнова~Т.~Е. and Тамасян~Г.~Ш.},
Title = {Стабилизация программных движений при полной и неполной обратной связи},

Address = {СПб.},
Publisher = {Издательство ``Лань''},
Year = {2022},
Pagetotal = {128},
}
